@inproceedings {Winery,
    author = {Oliver Kopp and others},
    title = {{Winery - A Modeling Tool for TOSCA-based Cloud Applications}},
    booktitle = {Proceedings of 11\textsuperscript{th} International Conference on Service-Oriented Computing (ICSOC'13)},
    publisher = {Springer Berlin Heidelberg},
    series = {LNCS},
    volume = {8274},
    pages = {700--704},
    year = {2013},
    doi = {10.1007/978-3-642-45005-1_64},
    keywords = {Cloud Applications; Modeling; TOSCA; Management; Portability},
 }
 
 @mastersthesis{mastersthesis,
  author       = {Albert Linde}, 
  title        = {Enriching Web Applications with Browser-to-Browser Communication},
  school       = {Faculdade Ciência e Tecnologia, Universidade Nova de Lisboa},
  year         = 2015,
  month        = 7
}

@article{simonbrewer,
  title={Brewer’s CAP Theorem},
  author={Simon, Salom{\'e}}
}

@article{vogels2009eventually,
  title={Eventually consistent},
  author={Vogels, Werner},
  journal={Communications of the ACM},
  volume={52},
  number={1},
  pages={40--44},
  year={2009},
  publisher={ACM}
}

@article{sandhu1998role,
  title={Role-based access control},
  author={Sandhu, Ravi S},
  journal={Advances in computers},
  volume={46},
  pages={237--286},
  year={1998},
  publisher={Elsevier}
}

@article{hu2015attribute,
  title={Attribute-based access control},
  author={Hu, Vincent C and Kuhn, D Richard and Ferraiolo, David F},
  journal={Computer},
  number={2},
  pages={85--88},
  year={2015},
  publisher={IEEE}
}

@article{hu2013guide,
  title={Guide to attribute based access control (ABAC) definition and considerations (draft)},
  author={Hu, Vincent C and Ferraiolo, David and Kuhn, Rick and Friedman, Arthur R and Lang, Alan J and Cogdell, Margaret M and Schnitzer, Adam and Sandlin, Kenneth and Miller, Robert and Scarfone, Karen and others},
  journal={NIST Special Publication},
  volume={800},
  pages={162},
  year={2013},
  publisher={Citeseer}
}

@book{ferraiolo2003role,
  title={Role-based access control},
  author={Ferraiolo, David and Kuhn, D Richard and Chandramouli, Ramaswamy},
  year={2003},
  publisher={Artech House}
}

@incollection{jin2012rabac,
  title={RABAC: role-centric attribute-based access control},
  author={Jin, Xin and Sandhu, Ravi and Krishnan, Ram},
  booktitle={Computer Network Security},
  pages={84--96},
  year={2012},
  publisher={Springer}
}

@article{samarati2001access,
  title={Access control: Policies, models, and mechanisms},
  author={Samarati, Pierangela and Di Vimercati, Sabrina De Capitani},
  journal={Lecture notes in computer science},
  pages={137--196},
  year={2001},
  publisher={Springer}
}

@incollection{shapiro2011conflict,
  title={Conflict-free replicated data types},
  author={Shapiro, Marc and Pregui{\c{c}}a, Nuno and Baquero, Carlos and Zawirski, Marek},
  booktitle={Stabilization, Safety, and Security of Distributed Systems},
  pages={386--400},
  year={2011},
  publisher={Springer}
}

@inproceedings{zawirski2015write,
  title={Write fast, read in the past: Causal consistency for client-side applications},
  author={Zawirski, Marek and Pregui{\c{c}}a, Nuno and Duarte, S{\'e}rgio and Bieniusa, Annette and Balegas, Valter and Shapiro, Marc},
  booktitle={Proceedings of the 16th Annual Middleware Conference},
  pages={75--87},
  year={2015},
  organization={ACM}
}

 @misc{ riak,
   author = "Riak",
   title = "Riak KV.",
   url = "http://basho.com/products/riak-kv/"
 }